@misc{ wiki:xxx,
  title = "Amortized analysis --- {W}ikipedia{,} The Free Encyclopedia",
  year = "2020",
  url = "https://en.wikipedia.org/wiki/Amortized_analysis",
  note = "[Online; accessed 18-December-2020]"
}

@misc{ wiki:xx1,
	title = "TimeComplexity --- Python site",
	year = "2020",
	author = " JanChristophTerasa",
	url = "https://wiki.python.org/moin/TimeComplexity",
	note = "[Online; accessed 18-August-2020]"
}